<record><leader>00000cas a22000007a 4500</leader><controlfield tag="001">12733700</controlfield><controlfield tag="008">851029d19551974wiuwr ne      0    0eng d</controlfield><datafield ind1=" " ind2=" " tag="010"><subfield code="a">sn 85041338 </subfield></datafield><datafield ind1=" " ind2=" " tag="040"><subfield code="a">NPV</subfield><subfield code="b">eng</subfield><subfield code="c">NPV</subfield><subfield code="d">OCLCQ</subfield></datafield><datafield ind1=" " ind2=" " tag="042"><subfield code="a">msc</subfield></datafield><datafield ind1=" " ind2=" " tag="045"><subfield code="a">x5x7</subfield></datafield><datafield ind1=" " ind2=" " tag="052"><subfield code="a">4123</subfield><subfield code="b">C7</subfield></datafield><datafield ind1="0" ind2="4" tag="245"><subfield code="a">The Prairie spy.</subfield></datafield><datafield ind1="1" ind2="3" tag="246"><subfield code="a">Courier-press, prairie spy</subfield></datafield><datafield ind1="1" ind2="3" tag="246"><subfield code="a">Prairie spy, courier-press</subfield></datafield><datafield ind1=" " ind2=" " tag="260"><subfield code="a">Prairie du Chien, Wis. :</subfield><subfield code="b">[s.n.],</subfield><subfield code="c">1955-1974.</subfield></datafield><datafield ind1=" " ind2=" " tag="300"><subfield code="a">20 v. :</subfield><subfield code="b">ill.</subfield></datafield><datafield ind1=" " ind2=" " tag="310"><subfield code="a">Weekly</subfield></datafield><datafield ind1="0" ind2=" " tag="362"><subfield code="a">Vol. 8, no. 45 (Sept. 15, 1955)-v. 9, no. 30 (Mar. 29, 1956); v. 1, no. 1 (Apr. 5, 1956)-v. 18, no. 45 (Nov. 4, 1974).</subfield></datafield><datafield ind1=" " ind2=" " tag="500"><subfield code="a">Title varies: Courier-press, prairie spy; Prairie spy, courier-press.</subfield></datafield><datafield ind1=" " ind2=" " tag="500"><subfield code="a">Publisher varies.</subfield></datafield><datafield ind1=" " ind2=" " tag="500"><subfield code="a">Editor: W.H. Howe, March 7, 1966-Nov. 4, 1974.</subfield></datafield><datafield ind1=" " ind2=" " tag="530"><subfield code="a">Available on microfilm from The State Historical Society of Wisconsin.</subfield></datafield><datafield ind1=" " ind2=" " tag="580"><subfield code="a">Absorbed by: Courier-press. Cf. Courier-press, Nov. 11, 1974.</subfield></datafield><datafield ind1=" " ind2=" " tag="752"><subfield code="a">United States</subfield><subfield code="b">Wisconsin</subfield><subfield code="c">Crawford</subfield><subfield code="d">Prairie du Chien.</subfield></datafield><datafield ind1="1" ind2="4" tag="785"><subfield code="t">Courier-press</subfield></datafield><datafield ind1="1" ind2=" " tag="029"><subfield code="a">AU@</subfield><subfield code="b">000025813093</subfield></datafield></record>